%----------------------------------------------------------------------------------------
%	BOOK
%----------------------------------------------------------------------------------------

@book{satish:drm,
  author = "{D Pgdba Satish}",
  title = "{D}igital {R}ights {M}anagement",
  publisher = "Sbs {P}ublishers",
  year = "2009",
  ISBN = {8131407926}
}

@book{encyclopedia-of-distances,
  title="Encyclopedia of Distances"
}

@article{finding-topics-in-dynamical-text,
  title = "Finding Topics in Dynamical Text"  
}

@article{visualizing-audio-in-group-table-conversation,
  title = "Visualizing Audio in Group Table Conversation"
}

@article{finding-the-jaccard-median,
  title = "Finding the Jaccard Median"
}

@article{scala-by-example,
  title = "Scala By Example",
  author = "Martin Odersky",
  year = "2011"
}

@article{jiang:dangers-of-gamification,
  author = "Krystie Jiang",
  title = "The Dangers of Gamification",
  year = "2011"
}

@article{byron-wattenberg:stacked-graphs,
  author = "{Lee Byron} and {Martin Wattenberg}",
  title = "Stacked Graphs - Geometry and Aesthetics"
}

@article{lai-lu-chao:performance-analysis-of-sr-software,
  author = "{Chunrong Lai} and {Shih-Lien Lu} and {Qinwei Zhao}",
  title = "Performance analysis of Speech Recognition Software"
}

%----------------------------------------------------------------------------------------
%	WEB
%----------------------------------------------------------------------------------------

@online{helsinki:chernoffin-naamat,
  title = "Chernoffin naamat ja Suomen vointi (hyvin? pahoin?)",
  year = "2008",
  url = "http://www.helsinki.fi/~kvehkala/naamat.html",
  lastchecked = "November~08, 2012"
}

@online{microsoft:breakthrough-in-speech-translation-technology,
  title = "Breakthrough in Speech Translation Technology",
  year = "2012",
  url = "http://microsoft-news.com/microsoft-shows-off-breakthrough-in-speech-translation-technology",
  lastchecked = "November~14, 2012"
}